<record><leader>00000cas a22000007a 4500</leader><controlfield tag="001">10682390</controlfield><controlfield tag="008">840502d18721878aruwr ne      0    0eng d</controlfield><datafield ind1=" " ind2=" " tag="010"><subfield code="a">sn 84022986 </subfield></datafield><datafield ind1=" " ind2=" " tag="040"><subfield code="a">NPX</subfield><subfield code="b">eng</subfield><subfield code="c">NPX</subfield><subfield code="d">DLC</subfield><subfield code="d">ANU</subfield><subfield code="d">OCLCQ</subfield></datafield><datafield ind1=" " ind2=" " tag="042"><subfield code="a">msc</subfield></datafield><datafield ind1="0" ind2=" " tag="130"><subfield code="a">Pine Bluff press (Pine Bluff, Ark. : 1872)</subfield></datafield><datafield ind1="1" ind2="4" tag="245"><subfield code="a">The Pine Bluff press.</subfield></datafield><datafield ind1=" " ind2=" " tag="260"><subfield code="a">Pine Bluff, Ark. :</subfield><subfield code="b">Thomas &amp; Newman</subfield></datafield><datafield ind1=" " ind2=" " tag="300"><subfield code="a">v.</subfield></datafield><datafield ind1=" " ind2=" " tag="310"><subfield code="a">Weekly</subfield></datafield><datafield ind1="1" ind2=" " tag="362"><subfield code="a">Began in 1872? Ceased in 1878.</subfield></datafield><datafield ind1=" " ind2=" " tag="588"><subfield code="a">Description based on: Vol. 4, no. 1 (Jan. 4, 1872).</subfield></datafield><datafield ind1=" " ind2="4" tag="651"><subfield code="a">Pine Bluff (Ark.)</subfield><subfield code="v">Newspapers.</subfield></datafield><datafield ind1=" " ind2="4" tag="651"><subfield code="a">Jefferson County (Ark.)</subfield><subfield code="v">Newspapers.</subfield></datafield><datafield ind1=" " ind2=" " tag="752"><subfield code="a">United States</subfield><subfield code="b">Arkansas</subfield><subfield code="c">Jefferson</subfield><subfield code="d">Pine Bluff.</subfield></datafield><datafield ind1="0" ind2="0" tag="780"><subfield code="t">Pine Bluff weekly press (Pine Bluff, Ark. : 1869)</subfield><subfield code="w">(DLC)sn 89051153</subfield></datafield><datafield ind1="0" ind2="0" tag="785"><subfield code="t">Pine Bluff weekly press (Pine Bluff, Ark. : 1878)</subfield><subfield code="w">(DLC)sn 89051154</subfield></datafield><datafield ind1="1" ind2=" " tag="029"><subfield code="a">AU@</subfield><subfield code="b">000024693463</subfield></datafield></record>